@book{RefWorks:doc:597d9f9be4b012f2e9832b0e,
	year={2013},
	title={Xamarin Mobile Application Development for iOS},
	publisher={Packt Publishing},
	address={Olton},
	note={ID: 1477484},
	isbn={9781783559190},
	language={English},
	url={http://ebookcentral.proquest.com/lib/pwroclib-ebooks/detail.action?docID=1477484}
}
@book{RefWorks:doc:597d9a0ce4b0c35459843aae,
	author={Mark Reynolds},
	year={2014},
	title={Xamarin Mobile Application Development for Android},
	publisher={Packt Publishing},
	note={ID: 48TUR_ejournals2550000001186070}
}