@misc{Linkingo58:online,
title = {Linking on Android - Xamarin},
howpublished = {\url{https://developer.xamarin.com/guides/android/advanced_topics/linking/}},
note = {(Accessed on 10/12/2017)}
}
@misc{Part1–Un34:online,
title = {Part 1 – Understanding the Xamarin Mobile Platform - Xamarin},
howpublished = {\url{https://developer.xamarin.com/guides/cross-platform/application_fundamentals/building_cross_platform_applications/part_1_-_understanding_the_xamarin_mobile_platform/\#Compilation}},
note = {(Accessed on 10/12/2017)}
}
@misc{Limitati57:online,
title = {Limitations - Xamarin},
howpublished = {\url{https://developer.xamarin.com/guides/ios/advanced_topics/limitations/\#Limited_Generics_Support}},
note = {(Accessed on 10/12/2017)}
}
@misc{Limitati74:online,
title = {Limitations - Xamarin},
howpublished = {\url{https://developer.xamarin.com/guides/ios/advanced_topics/limitations/\#No_Dynamic_Code_Generation}},
note = {(Accessed on 10/12/2017)}
}
@misc{Linkingo42:online,
title = {Linking on iOS - Xamarin},
howpublished = {\url{https://developer.xamarin.com/guides/ios/advanced_topics/linker/}},
note = {(Accessed on 10/12/2017)}
}